%russel norvig
@book{Russell:2003:AIM:773294,
 author = {Russell, Stuart J. and Norvig, Peter},
 title = {Artificial Intelligence: A Modern Approach},
 year = {2003},
 isbn = {0137903952},
 edition = {2},
 publisher = {Pearson Education},
} 

%BDI
@INPROCEEDINGS{Rao:1991,
  author = {Anand S. Rao and Michael P. Georgeff},
  title = {Modeling Rational Agents within a BDI-Architecture},
  booktitle = {Second Conference on Principles of Knowledge Representation and Reasoning
    (KR'91)},
  year = {1991},
  pages = {473-484}
}

%DeLP
@ARTICLE{Garcia:2004a,
  author = {A. Garcia and G. Simari},
  title = {Defeasible Logic Programming: An Argumentative Approach},
  journal = {Theory and Practice of Logic Programming (TPLP)},
  year = {2004},
  volume = {4},
  pages = {95-138},
  publisher = {Cambridge University Press. UK}